% This will contain all references used in this work

@MastersThesis{M2009,
  author =	"Hugo Marcondes",
  title =	"{Uma Arquitetura de Componentes Híbridos de Hardware e Software para Sistemas Embarcados}",
  school =	"Federal University of Santa Catarina",
  year =	2009,
  address =	"Florianópolis",
  note =	"M.Sc. Thesis",
  pages =	"92"
}

@InProceedings{Marcondes2008,
  author =	"Hugo Marcondes and Antônio Augusto Fröhlich",
  title =	"{On Hybrid Hw/Sw Components for Embedded System Design}",
  booktitle =	"17th IFAC World Congress",
  pages =	"9290-9295",
  year =	2008,
  address =	"Seoul, Korea",
  month =	Jul,
  isbn =	"978-1-1234-7890-2"
}

@misc{AA,
 author = "Altera",
 title = "Avalon Interface Specifications",
 howpublished = {\url{https://www.altera.com/content/dam/altera-www/global/en_US/pdfs/literature/manual/mnl_avalon_spec.pdf}},
 year = 2015,
 note = "Acesso em 06 de Dezembro de 2016"
}

@misc{IT,
 author = "Shangru Li and Stephen A. Edwards",
 title ="Creating Peripherals with Interrupts in Altera’s SoPC Builder",
 year = 2012,
 note = "Tutorial"
}